@inproceedings{InRu15a,
   title = {Generating Training Data for Supervised Learning Linear Composite 
   Dispatch Rules for Scheduling},
   author = {Ingimundardottir, Helga and Runarsson, Thomas Philip},
   year = {2015},
   booktitle = {9th International Conference on Learning and Intelligent 
   Optimization (LION'09)}
}

@inproceedings{InRu14,
	title={Evolutionary Learning of Weighted Linear Composite Dispatching Rules 
	for Scheduling},
    author={Ingimundardottir, Helga and Runarsson, Thomas Philip},
    year = {2014},
    booktitle = {International Conference on Evolutionary Computation Theory 
    and Applications (ECTA)}
}

@inproceedings{lion06,
address = {Paris, France},
author = {Ingimundardottir, Helga and Runarsson, Thomas Philip},
booktitle = {Learning and Intelligent Optimization (LION6)},
editor = {Schoenauer, Marc},
publisher = {Springer Lecture Notes in Computer Science},
title = {Determining the Characteristic of Difficult Job Shop Scheduling 
Instances for a Heuristic Solution Method},
month={jan.},
year = {2012}
}

@inproceedings{lion05,
   address={Rome, Italy}, 
   author = {Ingimundardottir, Helga and Runarsson, Thomas},
   affiliation = {School of Engineering and Natural Sciences, University of Iceland, Iceland},
   title = {Supervised Learning Linear Priority Dispatch Rules for Job-Shop Scheduling},
   booktitle = {Learning and Intelligent Optimization (LION5)},
   series = {Springer Lecture Notes in Computer Science},
   editor = {Coello, Carlos},
   publisher = {Springer Berlin},
   isbn = {978-3-642-25565-6},
   keyword = {Computer Science},
   pages = {263-277},
   volume = {6683},
   url = {http://dx.doi.org/10.1007/978-3-642-25566-3_20},
   month={jan.},
   year = {2011}
}

@inproceedings{isda11, 
address={Cordoba, Spain},
author={Ingimundardottir, Helga and Runarsson, Thomas Philip}, 
booktitle={Intelligent Systems Design and Applications (ISDA), 11th International Conference on}, 
title={Sampling Strategies in Ordinal Regression for Surrogate Assisted 
Evolutionary Optimization}, 
year={2011}, 
month={nov.}, 
volume={}, 
number={}, 
pages={1158 -1163}, 
keywords={approximate ranking;evolutionary computation;optimization;ordinal regression analysis;sampling strategy;surrogate models;true ranking;approximation theory;evolutionary computation;regression analysis;}, 
doi={10.1109/ISDA.2011.6121815}, 
ISSN={2164-7143},}


@inproceedings{schladming,
address = {Schladming, Austria},
author = {Ingimundardottir, Helga and Lalot, Sylvain},
booktitle = {International Conference of Heat Exchanger Fouling and Cleaning VIII},
editor = {M\"{u}ller-Steinhagen, H. and Malayeri, M.R. and Watkinson, A.P.},
keywords = {fouling,heat exchangers,wavelet transform},
title = {{Detection of Fouling in a Cross-Flow Heat Exchanger Using Wavelets}},
url = {http://heatexchanger-fouling.com/papers/papers2009/68\_Lalot\_F.pdf},
month={june},
year = {2009}
}

@article{fouling,
author = {Ingimundardottir, Helga and Lalot, Sylvain},
title = {Detection of Fouling in a Cross-Flow Heat Exchanger Using Wavelets},
journal = {Heat Transfer Engineering},
volume = {32},
number = {3-4},
pages = {349-357},
year = {2011},
doi = {10.1080/01457632.2010.495668},
URL = {http://www.tandfonline.com/doi/abs/10.1080/01457632.2010.495668},
eprint = {http://www.tandfonline.com/doi/pdf/10.1080/01457632.2010.495668}
}

@book{master,
author = {Ingimundardottir, Helga},
title = {Detection of Fouling: Effectiveness Ratio Method},
publisher = {University of Iceland},
location = {Reykjavik, Iceland}, 
month = {February},
note = {Master's thesis}, 
year = {2011}
}

@misc{reidok13, 
author = {Ingimundardottir, Helga}, 
title = {Supervising Learning Linear Composite Dispatch Rules for Scheduling}, 
location = {School of Engineering and Natural Sciences, University of Iceland}, 
Howpublished  = {ReiDok13 Symposium on Computational PhD Projects},
month = {April}, 
year = {2013}, 
note = {22. April},
keyword = {seminar}
}

@misc{reidok12, 
author = {Ingimundardottir, Helga}, 
title = {Generating Training Data for Learning Linear Composite Dispatching Rules for Scheduling}, 
location = {School of Engineering and Natural Sciences, University of Iceland}, 
Howpublished  = {ReiDok12 Symposium on Computational PhD Projects},
month = {December}, 
year = {2012}, 
note = {3. December},
keyword = {seminar}
}

@misc{arkimedes, 
author = {Ingimundardottir, Helga}, 
title = {Creating Meaningful Training Data for Difficult JSSP Instances for Ordinal Regression}, 
location = {School of Engineering and Natural Sciences, University of Iceland}, 
Howpublished  = {Seminar for Ph.D. students }, 
month = {March}, 
year = {2012},
note = {28. March},  
keyword = {seminar}
}

@misc{stats, 
author = {Ingimundardottir, Helga}, 
title = {Determining the Characteristic of Difficult JSSP Instances for a Heuristic Solution Methods}, 
location = {School of Engineering and Natural Sciences, University of Iceland}, 
Howpublished  = {Stats colloquium},
month = {February}, 
year = {2012},
note = {16. February},  
keyword = {seminar}
}

@misc{rvon10, 
author = {Ingimundardottir, Helga}, 
title = {Supervised Learning Linear Priority Dispatch Rules for Job-Shop Scheduling}, 
location = {School of Engineering and Natural Sciences, University of Iceland}, 
Howpublished  = {Research Symposium, RVoN},
month = {October}, 
year = {2010},
note = {9. October}, 
keyword = {seminar}
}
