@article{decode-Zink2018,
	title        = {
	Insights into imprinting from parent-of-origin phased methylomes and
	transcriptomes
	},
	author       = {
	Florian Zink and Droplaug N. Magnus\-dottir and Olafur T. Magnus\-son and
	Nicolas J. Walker and Tiffany J. Morris and Asgeir Sigurds\-son and Gisli H.
	Halldors\-son and Sigurjon A. Gudjons\-son and Pall Melsted and Helga
	Ingimundar\-dottir and Sn{\ae}dis Kristmunds\-dottir and Kristjan F.
	Alexanders\-son and Anna Helga\-dottir and Julius Gudmunds\-son and Thorunn
	Rafnar and Ingileif Jons\-dottir and Hilma Holm and Gudmundur I. Eyjolfs\-son
	and Olof Sigurdar\-dottir and Isleifur Olafs\-son and Gisli Mas\-son and
	Daniel F. Gudbjarts\-son and Unnur Thorsteins\-dottir and Bjarni V.
	Halldors\-son and Simon N. Stacey and Kari Stefans\-son
	},
	year         = 2018,
	month        = 10,
	day          = 22,
	journal      = {Nature Genetics},
	publisher    = {Springer Nature},
	volume       = 50,
	number       = 11,
	pages        = {1542--1552},
	doi          = {10.1038/s41588-018-0232-7},
	url          = {https://doi.org/10.1038/s41588-018-0232-7}
}
@article{decode-Holley2021,
	title        = {
	Ratatosk: hybrid error correction of long reads enables accurate variant
	calling and assembly
	},
	author       = {
	Holley, Guillaume and Beyter, Doruk and Ingimundardottir, Helga and
	M{\o}ller, Peter L. and Kristmundsdottir, Sn{\ae}dis and Eggertsson, Hannes
	P. and Halldorsson, Bjarni V.
	},
	year         = 2021,
	month        = 1,
	day          = 8,
	journal      = {Genome Biology},
	publisher    = {Springer Nature},
	volume       = 22,
	number       = 1,
	pages        = 28,
	doi          = {10.1186/s13059-020-02244-4},
	issn         = {1474-760X},
	url          = {https://doi.org/10.1186/s13059-020-02244-4}
}
@article{decode-Beyter,
	title        = {
	Long-read sequencing of 3,622 Icelanders provides insight into the role of
	structural variants in human diseases and other traits
	},
	author       = { Beyter, Doruk and Ingimundardottir, Helga and Oddsson, Asmundur and Eggertsson, Hannes P. and Bjornsson, Eythor and Jonsson, Hakon and Atlason, Bjarni A. and Kristmundsdottir, Snaedis and Mehringer, Svenja and Hardarson, Marteinn T. and Gudjonsson, Sigurjon A. and Magnusdottir, Droplaug N. and Jonasdottir, Aslaug and Jonasdottir, Adalbjorg and Kristjansson, Ragnar P. and Sverrisson, Sverrir T. and Holley, Guillaume and Palsson, Gunnar and Stefansson, Olafur A. and Eyjolfsson, Gudmundur and Olafsson, Isleifur and Sigurdardottir, Olof and Torfason, Bjarni and Masson, Gisli and Helgason, Agnar and Thorsteinsdottir, Unnur and Holm, Hilma and Gudbjartsson, Daniel F. and Sulem, Patrick and Magnusson, Olafur T. and Halldorsson, Bjarni V. and Stefansson, Kari
	},
	year         = 2021,
	month        = 5,
	day          = 10,
	journal      = {Nature Genetics},
	publisher    = {Springer Nature},
	volume       = 53,
	pages        = {779--786},
	doi          = {10.1038/s41588-021-00865-4}
}
@article{phd-JoS,
	title        = {
	Discovering dispatching rules from data using imitation learning: A case
	study for the job-shop problem
	},
	author       = {Ingimundardottir, Helga and Runarsson, Thomas Philip},
	year         = 2017,
	month        = 6,
	day          = 13,
	day          = {01},
	journal      = {Journal of Scheduling},
	publisher    = {Springer Nature},
	volume       = 21,
	number       = 4,
	pages        = {413--428},
	doi          = {10.1007/s10951-017-0534-0},
	issn         = {1099-1425},
	url          = {https://doi.org/10.1007/s10951-017-0534-0}
}
@incollection{phd-selected-lion9,
	title        = {
	Generating Training Data for Learning Linear Composite Dispatching Rules for
	Scheduling
	},
	author       = {Ingimundardottir, Helga and Runarsson, Thomas Philip},
	year         = 2015,
	month        = 5,
	journal      = {Lecture Notes in Computer Science},
	booktitle    = {Learning and Intelligent Optimization. LION 2015},
	publisher    = {Springer International Publishing},
	address      = {Cham},
	volume       = 8994,
	pages        = {236--248},
	doi          = {10.1007/978-3-319-19084-6_22},
	isbn         = {978-3-319-19084-6},
	editor       = {Dhaenens, Clarisse and Jourdan, Laetitia and Marmion, Marie-El{\'e}onore}
}
@inproceedings{phd-conf-lion9,
	title        = {
	Generating Training Data for Learning Linear Composite Dispatching Rules for
	Scheduling
	},
	author       = {Ingimundardottir, Helga and Runarsson, Thomas Philip},
	year         = 2015,
	booktitle    = {
	Proceedings of the 9th International Conference on Learning and Intelligent
	Optimization -- LION9
	},
	address      = {Lille, France},
	editor       = {Dhaenens, Clarisse and Jourdan, Laetitia and Marmion, Marie-El{\'e}onore}
}
@incollection{phd-selected-ecta14,
	title        = {Evolutionary Learning of Linear Composite Dispatching Rules for Scheduling},
	author       = {Ingimundardottir, Helga and Runarsson, Thomas Philip},
	year         = 2016,
	booktitle    = {Computational Intelligence},
	publisher    = {Springer International Publishing},
	address      = {Cham},
	pages        = {49--62},
	doi          = {10.1007/978-3-319-26393-9_4},
	isbn         = {978-3-319-26393-9},
	editor       = {
	Merelo, Juan Julian and Rosa, Agostinho and Cadenas, Jos{\'e} M. and Dourado,
	Ant{\'o}nio and Madani, Kurosh and Filipe, Joaquim
	}
}
@inproceedings{phd-conf-ecta14,
	title        = {
	Evolutionary Learning of Weighted Linear Composite Dispatching Rules for
	Scheduling
	},
	author       = {Helga Ingimundardottir. and Thomas Philip Runarsson.},
	year         = 2014,
	month        = 10,
	day          = {22--24},
	booktitle    = {
	Proceedings of the 6th International Evolutionary Computation Theory and Applications -- ECTA6, (IJCCI 2014)
	},
	publisher    = {SciTePress},
	address      = {Rome, Italy},
	pages        = {59--67},
	doi          = {10.5220/0005077200590067},
	isbn         = {978-989-758-052-9},
	editor       = {Rosa, Agostinho and Merelo, Juan Julian and Filipe, Joaquim},
	organization = {INSTICC}
}
@incollection{phd-selected-lion06,
	title        = {
	Determining the Characteristic of Difficult Job Shop Scheduling Instances for
	a Heuristic Solution Method
	},
	author       = {Ingimundardottir, Helga and Runarsson, Thomas Philip},
	year         = 2012,
	booktitle    = {Learning and Intelligent Optimization. LION 2012},
	publisher    = {Springer Berlin Heidelberg},
	address      = {Berlin, Heidelberg},
	pages        = {408--412},
	doi          = {10.1007/978-3-642-34413-8_36},
	isbn         = {978-3-642-34413-8},
	editor       = {Hamadi, Youssef and Schoenauer, Marc}
}
@inproceedings{phd-conf-lion6,
	title        = {
	Determining the Characteristic of Difficult Job Shop Scheduling Instances for
	a Heuristic Solution Method
	},
	author       = {Ingimundardottir, Helga and Runarsson, Thomas Philip},
	year         = 2012,
	month        = 1,
	booktitle    = {
	Proceedings of the 6th International Conference on Learning and Intelligent
	Optimization -- LION6
	},
	address      = {Paris, France},
	editor       = {Schoenauer, Marc}
}
@incollection{phd-selected-lion5,
	title        = {Supervised Learning Linear Priority Dispatch Rules for Job-Shop Scheduling},
	author       = {Ingimundardottir, Helga and Runarsson, Thomas},
	year         = 2011,
	month        = 1,
	booktitle    = {Learning and Intelligent Optimization. LION 2011},
	publisher    = {Springer Berlin},
	address      = {Rome, Italy},
	series       = {Springer Lecture Notes in Computer Science},
	volume       = 6683,
	pages        = {263--277},
	doi          = {10.1007/978-3-642-25566-3_20},
	isbn         = {978-3-642-25565-6},
	affiliation  = {School of Engineering and Natural Sciences, University of Iceland, Iceland},
	editor       = {Coello Coello, Carlos A.}
}
@inproceedings{phd-conf-lion5,
	title        = {Supervised Learning Linear Priority Dispatch Rules for Job-Shop Scheduling},
	author       = {Ingimundardottir, Helga and Runarsson, Thomas Philip},
	year         = 2011,
	month        = 1,
	booktitle    = {
	Proceedings of the 5th International Conference on Learning and Intelligent
	Optimization -- LION5
	},
	editor       = {Coello Coello, Carlos A.},
	address      = {Rome, Italy}
}
@incollection{phd-selected-isda11,
	title        = {
	Sampling Strategies in Ordinal Regression for Surrogate Assisted Evolutionary
	Optimization
	},
	author       = {Ingimundardottir, Helga and Runarsson, Thomas Philip},
	year         = 2012,
	month        = 1,
	day          = 2,
	booktitle    = {
	2011 11th International Conference on Intelligent Systems Design and Applications
	},
	address      = {Cordoba, Spain},
	pages        = {1158--1163},
	doi          = {10.1109/ISDA.2011.6121815},
	isbn         = {978-1-4577-1676-8},
	publisher    = {IEEE},
	issn         = {2164-7143}
}
% http://toc.proceedings.com/13735webtoc.pdf
@inproceedings{phd-conf-isda11,
	title        = {
	Sampling Strategies in Ordinal Regression for Surrogate Assisted Evolutionary
	Optimization
	},
	author       = {Ingimundardottir, Helga and Runarsson, Thomas Philip},
	year         = 2011,
	month        = 11,
	booktitle    = {
	Proceedings of the 11th International Conference on Intelligent Systems Design and Applications -- ISDA11
	},
	note         = {IEEE Catalog Number: \href{http://toc.proceedings.com/13735webtoc.pdf}{CFP11394-PRT}},
	address      = {Cordoba, Spain}
}
@inproceedings{msc-conf-schladming,
	title        = {{Detection of Fouling in a Cross-Flow Heat Exchanger Using Wavelets}},
	author       = {Ingimundardottir, Helga and Lalot, Sylvain},
	year         = 2009,
	month        = 6,
	day          = {14-19},
	booktitle    = {Proceedings of the 8th International Conference on Heat Exchanger Fouling and Cleaning},
	address      = {Schladming, Austria},
	url          = {https://heatexchanger-fouling.com/refereed-proceedings/heat-exchanger-fouling-and-cleaning-viii-2009/},
	eprint       = {https://heatexchanger-fouling.com/wp-content/uploads/2021/09/68_Lalot_F.pdf},
	editor       = {M\"{u}ller-Steinhagen, H. and Malayeri, M.R. and Watkinson, A.P.}
}
@article{msc-fouling,
	title        = {Detection of Fouling in a Cross-Flow Heat Exchanger Using Wavelets},
	author       = {Ingimundardottir, Helga and Lalot, Sylvain},
	year         = 2011,
	month        = 2,
	day          = 5,
	journal      = {Heat Transfer Engineering},
	publisher    = {Taylor \& Francis},
	volume       = 32,
	number       = {3-4},
	pages        = {349--357},
	doi          = {10.1080/01457632.2010.495668},
	url          = {http://www.tandfonline.com/doi/abs/10.1080/01457632.2010.495668},
	eprint       = {http://www.tandfonline.com/doi/pdf/10.1080/01457632.2010.495668}
}
@book{msc-thesis,
	title        = {Detection of Fouling: Effectiveness Ratio Method},
	author       = {Ingimundardottir, Helga},
	year         = 2010,
	month        = 2,
	location     = {Reykjavik, Iceland},
	publisher    = {University of Iceland},
	pages        = 94,
	url          = {http://hdl.handle.net/1946/4445},
	abstract     = {Master's thesis}
}
@book{phd-thesis,
	title        = {ALICE: Analysis \& Learning Iterative Consecutive Executions},
	author       = {Ingimundardottir, Helga},
	year         = 2016,
	month        = 6,
	location     = {Reykjavik, Iceland},
	publisher    = {University of Iceland},
	pages        = 265,
	isbn         = {},
	url          = {http://hdl.handle.net/1946/25337},
	abstract     = {Ph.D. thesis}
}
@seminar{seminar-decode16,
	title        = {ALICE: Analysis \& Learning Iterative Consecutive Executions},
	author       = {Ingimundardottir, Helga},
	year         = 2016,
	month        = 12,
	address      = {deCODE Genetics, Reykjavík, Iceland},
	howpublished = {Statistics and Bioinformatics Seminar}
}
@seminar{seminar-reidok13,
	title        = {Supervising Learning Linear Composite Dispatch Rules for Scheduling},
	author       = {Ingimundardottir, Helga},
	year         = 2013,
	month        = 4,
	address      = {School of Engineering and Natural Sciences, University of Iceland},
	howpublished = {ReiDok13 Symposium on Computational PhD Projects}
}
@seminar{seminar-reidok12,
	title        = {
	Generating Training Data for Learning Linear Composite Dispatching Rules for
	Scheduling
	},
	author       = {Ingimundardottir, Helga},
	year         = 2012,
	month        = 12,
	address      = {School of Engineering and Natural Sciences, University of Iceland},
	howpublished = {ReiDok12 Symposium on Computational PhD Projects}
}
@seminar{seminar-arkimedes,
	title        = {
	Creating Meaningful Training Data for Difficult JSSP Instances for Ordinal
	Regression
	},
	author       = {Ingimundardottir, Helga},
	year         = 2012,
	month        = 3,
	address      = {School of Engineering and Natural Sciences, University of Iceland},
	howpublished = {Seminar for Ph.D. students}
}
@seminar{seminar-stats12,
	title        = {
	Determining the Characteristic of Difficult JSSP Instances for a Heuristic
	Solution Methods
	},
	author       = {Ingimundardottir, Helga},
	year         = 2012,
	month        = 2,
	address      = {School of Engineering and Natural Sciences, University of Iceland},
	howpublished = {Stats colloquium}
}
@seminar{seminar-rvon10,
	title        = {Supervised Learning Linear Priority Dispatch Rules for Job-Shop Scheduling},
	author       = {Ingimundardottir, Helga},
	year         = 2010,
	month        = 10,
	address      = {School of Engineering and Natural Sciences, University of Iceland},
	howpublished = {Research Symposium, RVoN}
}
@foreignarticle{is-velabrogd2015,
	title = {Skilningur á röðunarreglum fyrir verkniðurröðun á vélum},
	author = {Ingimundardóttir, Helga},
	year = 2015,
	month = 4,
	journal = {Vélabrögð},
	publisher = {Þriðja árs véla- og iðnaðarverkfræðinemar við \mbox{iðnaðarverkfræði-,} vélaverkfræði- og tölvunarfræðideild Háskóla Íslands},
	volume = 36,
	pages = {8--11},
	url = {https://issuu.com/velabrogd2016/docs/velabrogd_2015_small.compressed},
	language = {Icelandic}
}